@Article{Bow93,
  author = 	 {Bowman, M. and Debray, S.K.and Peterson, L.L.},
  title = 	 {Reasoning about naming systems},
  journal = 	 {ACM Trans. Program. Lang. Syst.},
  year = 	 {1993},
  OPTkey = 	 {},
  volume = 	 {15},
  number = 	 {5},
  pages = 	 {795--825},
  month = 	 {Nov},
}

@TechReport{Ding97,
  author = 	 {Ding, W. and Marchionini, G.},
  title = 	 {A Study on Video Browsing Strategies. Technical Report},
  institution =  {University of Maryland at College Park},
  year = 	 {1997},
}

@Book{Tavel07,
  author = 	 {Tavel, P.},
  title = 	 {Modeling and Simulation Design},
  publisher = 	 {AK Peters Ltd.},
  year = 	 {2007},
  address = 	 {Natick, MA, USA},
}

@InBook{Greiner99,
  author = 	 {Greiner, R.},
  ALTeditor = 	 {},
  title = 	 {The Encyclopedia of Cognitive Science},
  chapter = 	 {Explanation-based learning},
  publisher = 	 {MIT Press},
  year = 	 {1999},
  address = 	 {Cambridge, MA, USA.},
  pages = 	 {301-303},
}

@inproceedings{garc2007hesperia,
  title={HESPERIA: homeland security technologies for the security in public spaces and infrastructures},
  author={Garc, Carlos and Hern{\'a}ndez, Yolanda and Fern{\'a}ndez, Diego and Ferrer, Miguel and Travieso, Carlos M and Alonso, Jes{\'u}s B and Quez, Patr Cia Henr and others},
  booktitle={Security Technology, 2007 41st Annual IEEE International Carnahan Conference on},
  pages={221--226},
  year={2007},
  organization={IEEE}
}

@Article{PPavan2015,
  title={Home Automation and Security System Using Android ADK},
  author={Pavan Kumar,P. and Tirumala Vasu, G.},
  journal={International Journal of Emerging Trends in Engineering Research },
  year =   {2015},
  OPTkey =   {},
  volume =   {3},
  number =   {6},
  pages =    {190--194},
}

@Misc{Steele04,
  author = 	 {Steele, B.},
  title = 	 {Look, Ma, no wires! Cornell class project tests wireless  networking},
  howpublished = {\url{http://www.news.cornell.edu/Chronicle/00/5.18.00/wireless_class.html}},
  month = 	 {February},
  year = 	 {2004},
  note = 	 {Cornell Chronicle, 31 from Columbia University},
}

@Misc{Oxygen,
  title = 	 {MIT Project Oxygen: Overview},
  howpublished = {\url{https://www.arduino.cc/en/Main/ArduinoBoardYun}},
  year = 	 {2004},
  note = 	 {Computer Science and Artificial Intelligence Laboratory, Massachusetts Institute of Technology},
}


@Misc{Arduino,
  title =    {Products: Arduino-Yún},
  howpublished = {\url{http://oxygen.lcs.mit.edu/Overview.html}},
  month =    {Mayo},
  year =   {2014},
  note =   {Arduino products overview, Arduino},
}

@Misc{RaspberryPi2ModelB,
  title =    {Raspberry Pi 2 Model B: Product overview},
  howpublished = {\url{https://www.raspberrypi.org/products/raspberry-pi-2-model-b/}},
  year =   {2015},
  month =    {Febrero},
  note =   {Raspberrypi product overview. RaspberryPi},
}

@TechReport{EV1012,
  author =   {UTC Fire and Security B.V},
  title =    {EV1012 Series PIR Detector Installation Sheet},
  institution =  {UTC Fire and Security Americas Corporation, Inc},
  year =   {2013},
}

@Misc{Dorlet,
  title =    {Dorlet},
  howpublished = {\url{http://www.dorlet.com/ }},
  month =    {Septiembre},
  year =   {2014},
  note =   {Dorlet, overview},
}

@Misc{Lenovo,
  title =    {Lenovo},
  howpublished = {\url{http://shop.lenovo.com/es/es/laptops/?menu-id=port%C3%A1tiles_y_ultrabooks}},
  month =    {Enero},
  year =   {2015},
  note =   {Lenovo, Products},
}

@Misc{Honeywell,
  title =    {Productos: Honeywell},
  howpublished = {\url{http://www.security.honeywell.com/es/productos/intrusion/cp/GalaxyFlex/ }},
  month =    {Enero},
  year =   {2015},
  note =   {Honeywell, Security Spain},
}


@Misc{Kanban,
  title =    {Kanban},
  howpublished = {\url{https://es.wikipedia.org/wiki/Kanban_(desarrollo)}},
  month =    {Octubre},
  year =   {2015},
  note =   {Desarrollo con Kanban},
}

@Misc{Prototipado,
  title =    {Prototipado Evolutivo},
  howpublished = {\url{http://www.ctr.unican.es/asignaturas/is1/is1-t02-trans.pdf}},
  month =    {Octubre},
  year =   {2009},
  note =   {Prototipado Evolutivo},
}

@Misc{BOE,
  title =    {BOE-A-2011-3170},
  howpublished = {\url{http://www.boe.es/diario_boe/txt.php?id=BOE-A-2011-3170}},
  month =    {Febrero},
  year =   {2011},
  note =   {BOE-A-2011-3170},
}

@Book{Pressman,
  author =   {Pressman, Roger S.},
  title =    {Ingeniería del Software Un Enfoque Práctico},
  publisher =    {Mc Graw Hill},
  year =   {2002},
  address =    {Edificio Valrealty, 1 planta, Basauri,17, Aravaca, Madrid},
}

@Book{cita,
  ALTauthor = 	 {},
  ALTeditor = 	 {},
  title = 	 {Cita requerida},
  publisher = 	 {},
  year = 	 {},
  OPTkey = 	 {},
  OPTvolume = 	 {},
  OPTnumber = 	 {},
  OPTseries = 	 {},
  OPTaddress = 	 {},
  OPTedition = 	 {},
  OPTmonth = 	 {},
  OPTnote = 	 {},
  OPTannote = 	 {}
}
