@Book{design_patterns,
  key =          {GoF},
  author = 	 	 {E. Gamma and R. Helm and R. Johnson and J. Vlissides},
  title = 	 	 {Dessign Patterns},
  publisher = 	 {Addison-Wesley},
  year = 	 	 {1996},
}

@Book{iso_enfoque_practico,
  key =   {IoS},
  author =     {Roger S. Pressman, Ph.D.},
  title =      {Ingeniería del Software. Un enfoque Práctico},
  publisher =    {McGraw-Hill},
  year =     {2010},
}

@Book{floy_prot,
  key =   {IoS},
  author =     {Cristiane Floyd},
  title =      {A Systematic Look at Prototyping},
  publisher =    {Springer Berlin Heidelberg},
  year =     {1984},
}

@Book{puder05:_distr_system_archit,
  author =		{A. Puder and K. Römer and F. Pilhofer},
  title = 	 	{Distributed Systems Architecture: A Middleware Approach},
  publisher = 	{Morgan Kaufman},
  year = 	 	{2005}
}

@Book{sousa,
  author = 	 {{Martínez de Sousa}, J.},
  title = 	 {Ortografía y ortotipografía del español actual},
  publisher = 	 {Trea},
  year = 	 {2008},
}

@Misc{BOE,
  title =    {BOE-A-2011-3170},
  howpublished = {\url{https://www.boe.es/diario_boe/txt.php?id=BOE-A-2011-3170}},
  month =    {Febrero},
  year =   {2011},
  note =   {BOE-A-2011-3170},
}

@Misc{Honeywell,
  title =    {Productos: Honeywell},
  howpublished = {\url{http://www.security.honeywell.com/es/productos/intrusion/cp/GalaxyFlex/ }},
  month =    {Enero},
  year =   {2015},
  note =   {Honeywell, Security Spain},
}

@inproceedings{garc2007hesperia,
  title={HESPERIA: homeland security technologies for the security in public spaces and infrastructures},
  author={Garc, Carlos and Hern{\'a}ndez, Yolanda and Fern{\'a}ndez, Diego and Ferrer, Miguel and Travieso, Carlos M and Alonso, Jes{\'u}s B and Quez, Patr Cia Henr and others},
  booktitle={Security Technology, 2007 41st Annual IEEE International Carnahan Conference on},
  pages={221--226},
  year={2007},
  organization={IEEE}
}

@Article{PPavan2015,
  title={Home Automation and Security System Using Android ADK},
  author={Pavan Kumar,P. and Tirumala Vasu, G.},
  journal={International Journal of Emerging Trends in Engineering Research },
  year =   {2015},
  OPTkey =   {},
  volume =   {3},
  number =   {6},
  pages =    {190--194},
}

@Article{Maslow,
  title={A theory of human motivation.},
  author={Maslow, A. H.},
  journal={PsycARTICLES, Journal ARticle},
  year =   {1943},
  OPTkey =   {},
  volume =   {50},
  number =   {4},
  pages =    {370--396},
}

@Misc{Maslowpyramid,
  title =    {Pirámide de Maslow: jerarquía de necesidades.},
  howpublished = {\url{https://es.wikipedia.org/wiki/Pir%C3%A1mide_de_Maslow#/media/File:Pir%C3%A1mide_de_Maslow.svg}},
  year =   {2007}
  month =    {Septiembre},
  autor = { J. Finkelstein},
  note =   { representación de la jerarquía de necesidades de Maslow
}

@Misc{HoneywellDT7550,
  title =    {DT7550: Product overview.},
  howpublished = {\url{https://www.security.honeywell.com/za/documents/HSC-DT7550-04-EN(0911)DS-Z.pdf}},
  year =   {2011},
  month =    {Septiembre},
  note =   { DT7550 product overview.},
}

@Misc{Leroy,
  title =    {Productos de seguridad en venta en Leroy Merlín},
  howpublished = {\url{http://www.leroymerlin.es/productos/domotica_y_seguridad/alarmas.html},
  year =   {2016},
  month =    {Diciembre},
  note =   {Productos de seguridad en venta en Leroy Merlín},
}

@Misc{TEDArduino,
  title =    {TED talks podcast, Massimo Banzi},
  howpublished = {\url{https://www.youtube.com/watch?v=UoBUXOOdLXY}},
  year =   {2012},
  month =    {Junio},
  note =   {TED talks podcast, Massimo Banzi},
}

@Misc{ArduinoMegaADK,
  title =    {Especificaciones Técnicas Arduino MEGA ADK},
  howpublished = {\url{https://www.arduino.cc/en/Main/ArduinoBoardMegaADK}},
  year =   {2011},
  month =    {Enero},
  note =   {Especificaciones Técnicas Arduino MEGA ADK},
}

@Misc{ArduinoLilyPad,
  title =    {Especificaciones Técnicas Arduino LilyPad},
  howpublished = {\url{https://www.arduino.cc/en/Main/ArduinoBoardLilyPad#techspecs}},
  year =   {2008},
  month =    {Enero},
  note =   {Especificaciones Técnicas Arduino LilyPad},
}

@Misc{Arduino-Yun,
  title =    {Products: Arduino-Yún},
  howpublished = {\url{https://www.arduino.cc/en/Guide/ArduinoYun}},
  month =    {Mayo},
  year =   {2014},
  note =   {Arduino products overview, Arduino},
}

@Misc{Peeble,
  title =    {Pebble prototyped using Arduino},
  howpublished = {\url{https://blog.arduino.cc/2012/05/10/pebble-was-prototyped-using-arduino/}},
  month =    {Mayo},
  year =   {2012},
  note =   {Pebble prototyped using Arduino},
}

@Misc{ArduinoIDE,
  title =    {Arduino Software},
  howpublished = {\url{https://www.arduino.cc/en/Main/Software}},
  month =    {Enero},
  year =   {2017},
  note =   {Arduino Software},
}

@Misc{RaspberryPi2ModelB,
  title =    {Raspberry Pi 2 Model B: Product overview},
  howpublished = {\url{http://docs-europe.electrocomponents.com/webdocs/1392/0900766b8139232d.pdf}},
  year =   {2015},
  month =    {Diciembre},
  note =   {Raspberry Pi 2 Model B: RS Component},
}

@Misc{RSCompPi2,
  title =    {Raspberry Pi 2 Model B: Product overview},
  howpublished = {\url{https://goo.gl/sTgtG9}},
  year =   {2016},
  month =    {Diciembre},
  note =   {Raspberry Pi 2 Model B: RS Component},
}

@Misc{RaspberryPiAplus,
  title =    {Raspberry Pi A+ : Product overview},
  howpublished = {\url{http://docs-europe.electrocomponents.com/webdocs/1527/0900766b81527cd2.pdf}},
  year =   {2013},
  month =    {Febrero},
  note =   {Raspberry Pi A+ : Product overview},
}

@Misc{RaspberryPi3,
  title =    {Raspberry Pi 3 Model B : Product overview},
  howpublished = {\url{http://docs-europe.electrocomponents.com/webdocs/14ba/0900766b814ba5fd.pdf}},
  year =   {2016},
  month =    {Marzo},
  note =   {Raspberry Pi 3 Model B : Product overview},
}

@Misc{RaspberryPiIoT,
  title =    {Microsoft y Raspberry: la herramienta perfecta para IoT},
  howpublished = {\url{https://developer.microsoft.com/es-es/windows/iot}},
  year =   {2016},
  month =    {Diciembre},
  note =   {Microsoft y Raspberry: la herramienta perfecta para IoT},
}

@Misc{NacionRS,
  title =    {Raspberry Pi, mas de 10 000 000 de unidades vendidas},
  howpublished = {\url{http://www.lanacion.com.ar/1936249}},
  year =   {2016},
  month =    {Septiembre},
  note =   {Raspberry Pi, mas 10 000 000 de unidades vendidas},
}

@Article{DESIGO,
  title={Siemens: Tecnología y seguridad para el futuro de las ciudades},
  author={Cuadernos de seguridad},
  journal={Cuadernos de seguridad},
  year =   {2016},
  month= {Mayo},
  number =   {311},
  pages =    {96--98},
}

@Article{PSIM_EnriqueSoto,
  title={Soluciones de seguridad para infraestructuras críticas},
  author={Seguritecnia},
  journal={Seguritecnia},
  year =   {2016},
  month= {Noviembre},
  number =   {436},
  pages =    {37--39},
  howpublished = {\url{http://www.seguritecnia.es/revistas/seg/436/index.html?#38}},
}

@Misc{AGORA_PSIM,
  title =    {Agora Central Monitorig Station},
  howpublished = {\url{http://www.agorasystems.com/es/productos/central-monitoring-station/}},
  year =   {2016},
  month =    {Diciembre},
  note =   {Agora Central Monitorig Station},
}

@Misc{Hik_Amz,
  title =    {Sistema CCTV Hikvision},
  howpublished = {\url{https://www.amazon.es/s/?field-keywords=hikvision&tag=amz-mkt-chr-es-21&ascsubtag=1ba00-01000-org00-linux-other-nomod-es000-pcomp-feature-scomp-wm-4}},
  year =   {2016},
  month =    {Diciembre},
  note =   {Sistema CCTV Hikvision},
}

@Misc{Desigo_Img,
  title =    {Building management starts with Desigo},
  howpublished = {\url{http://www.buildingtechnologies.siemens.com/bt/global/en/building-solutions/desigo-cc/pages/desigo-cc.aspx#w2gHTM-932x975-/bt/global/SiteCollectionDocuments/customize/desigo-cc-infographic/index-en.html}},
  year =   {2016},
  month =    {Mayo},
  note =   {Building management starts with Desigo},
}

@Misc{HikEurope,
  title =    {Hikvision Erope: About Hikvision},
  howpublished = {\url{http://www.hikvision.com/europe/about_60.html}},
  year =   {2016},
  month =    {Diciembre},
  note =   {Hikvision Erope: About Hikvision},
}

@Article{RiscoGroupSmartHome,
  title={Smart Home, solución integral de automatización profesional del hogar},
  author={Cuadernos de seguridad},
  journal={Cuadernos de seguridad},
  year =   {2016},
  month= {Octubre},
  number =   {315},
  pages =    {105},
}

@Article{DahuaIberia,
  title={Dahua Technology},
  author={Cuadernos de seguridad},
  journal={Cuadernos de seguridad},
  year =   {2016},
  month= {Mayo},
  number =   {311},
  pages =    {22--23},
}

@Article{HikSpain,
  title={Entrevista a David Lorente / Asistente Marketing Hikvision España},
  author={Cuadernos de seguridad},
  journal={Cuadernos de seguridad},
  year =   {2016},
  month= {Mayo},
  number =   {311},
  pages =    {74--75},
}

@Misc{AgileManifest,
  title =    {Manifiesto por el desarrollo ágil del software},
  howpublished = {\url{http://agilemanifesto.org/iso/es/manifesto.html}},
  year =   {2001},
  month =    {Febrero},
  note =   {Manifiesto por el desarrollo ágil del software},
}

@Misc{Evolutivo,
  title =    {Proceso Software y Ciclo de Vida},
  howpublished = {\url{https://www.fdi.ucm.es/profesor/gmendez/docs/is0809/02-ProcesoCicloDeVida.pdf}},
  year =   {2009},
  month =    {Febrero},
  note =   {Dpto. de Ingeniería de Software e Inteligencia Artificial, Facultad de Informática, Universidad Complutense de Madrid},
}

@Misc{Lighttable,
  title =    {Editor de Texto: Light Table},
  howpublished = {\url{http://lighttable.com/blog/ }},
  month =    {Diciembre},
  year =   {2015},
  autor = {Gabriel Horner},
  note =   {Ligth Table Blog},
}

@Misc{Nano,
  title =    {Editor de Texto: GNU Nano},
  howpublished = {\url{https://www.nano-editor.org/}},
  month =    {Enero},
  year =   {2017},
  note =   {GNU Nano Documentation},
}

@Misc{Mercurial,
  title =    {Mercurial: sistema de control de versiones  distribuido},
  howpublished = {\url{https://www.mercurial-scm.org/}},
  month =    {Enero},
  year =   {2017},
  note =   {Mercurial Documentation},
}

@Misc{Gimp,
  title =    {The Free and Open Source Image Editor},
  howpublished = {\url{https://www.gimp.org/}},
  month =    {Julio},
  year =   {2016},
  note =   {GNU Image Manipulation Program},
}

@Misc{Debian,
  title =    {Acerca de Debian},
  howpublished = {\url{https://www.debian.org/intro/about#what}},
  month =    {Julio},
  year =   {2016},
  note =   {Introducción a Debian},
}

@Misc{Python,
  title =    {Acerca de Python},
  howpublished = {\url{https://wiki.python.org/moin/}},
  month =    {Mayo},
  year =   {2015},
  note =   {The Python Wiki},
}

@Misc{Django,
  title =    {Meet Django},
  howpublished = {\url{https://www.djangoproject.com/}},
  month =    {Enero},
  year =   {2017},
  note =   {Django Overview},
}

@Misc{AngularJS,
  title =    {Why AngularJS},
  howpublished = {\url{https://angularjs.org/}},
  year =   {2017},
  note =   {Why AngularJS},
}

@Misc{RestFramework,
  title =    {Some reasons you might want to use REST framework},
  howpublished = {\url{http://www.django-rest-framework.org/}},
  year =   {2017},
  note =   {Some reasons you might want to use REST framework},
}

@Misc{RestAuth,
  title =    {Some reasons you might want to use rest-auth},
  howpublished = {\url{http://django-rest-auth.readthedocs.io/en/latest/introduction.html}},
  year =   {2017},
  note =   {Some reasons you might want to use rest-auth}},
}

@Misc{HTML5,
  title =    {W3C Recomendation},
  howpublished = {\url{https://www.w3.org/TR/html5/introduction.html}},
  month = {Octubre},
  year =   {2014},
  note =   {HTML5},
}

@Misc{CSS3,
  title =    {W3C CSS3},
  howpublished = {\url{https://www.w3schools.com/css/css3_intro.asp}},
  year =   {2017},
  note =   {W3C CSS3},
}

@Misc{ZeroC,
  title =    {Zero C-Ice},
  howpublished = {\url{https://zeroc.com/products/ice}},
  year =   {2017},
  note =   {ZeroC, Inc},
}

@Misc{Latex,
  title =    {Latex, a document preparation system},
  howpublished = {\url{https://www.latex-project.org/}},
  year =   {2017},
  note =   {About Latex},
}

@Misc{Raspbian,
  title =    {Raspbian operating system},
  howpublished = {\url{https://www.raspberrypi.org/downloads/raspbian/}},
  month = {Enero},
  year =   {2017},
  note =   {Raspbian Downloads},
}

@Misc{Bridge,
  title =    {Arduino-Yun Bridde library},
  howpublished = {\url{https://www.arduino.cc/en/tutorial/bridge}},
  year =   {2017},
  note =   {Bridge},
}